<record><leader>00000cas a2200000 a 4500</leader><controlfield tag="001">12578244</controlfield><controlfield tag="008">850920d18871890ksuwr ne      0    0eng d</controlfield><datafield ind1=" " ind2=" " tag="010"><subfield code="a">sn 85066676 </subfield></datafield><datafield ind1=" " ind2=" " tag="040"><subfield code="a">KSH</subfield><subfield code="b">eng</subfield><subfield code="c">KSH</subfield><subfield code="d">NPT</subfield><subfield code="d">OCL</subfield><subfield code="d">OCLCQ</subfield></datafield><datafield ind1=" " ind2=" " tag="042"><subfield code="a">msc</subfield></datafield><datafield ind1="0" ind2="4" tag="245"><subfield code="a">The Voorhees vindicator.</subfield></datafield><datafield ind1="1" ind2="3" tag="246"><subfield code="a">Vindicator</subfield><subfield code="f">Oct. 14-21, 1887</subfield></datafield><datafield ind1=" " ind2=" " tag="260"><subfield code="a">Voorhees, Kan. :</subfield><subfield code="b">[F.E. Griffith],</subfield><subfield code="c">1887-</subfield></datafield><datafield ind1=" " ind2=" " tag="300"><subfield code="a">v. :</subfield><subfield code="b">ill. ;</subfield><subfield code="c">59 cm.</subfield></datafield><datafield ind1=" " ind2=" " tag="310"><subfield code="a">Weekly</subfield></datafield><datafield ind1="0" ind2=" " tag="362"><subfield code="a">Vol. 1, no. 1 (Oct. 14, 1887)-</subfield></datafield><datafield ind1="1" ind2=" " tag="362"><subfield code="a">Ceased with Dec. 25, 1890 issue?</subfield></datafield><datafield ind1=" " ind2=" " tag="500"><subfield code="a">"Advocate true democracy."</subfield></datafield><datafield ind1=" " ind2=" " tag="752"><subfield code="a">United States</subfield><subfield code="b">Kansas</subfield><subfield code="c">Stevens</subfield><subfield code="d">Voorhees.</subfield></datafield><datafield ind1="1" ind2=" " tag="029"><subfield code="a">AU@</subfield><subfield code="b">000022169883</subfield></datafield></record>